@inproceedings{adorni2015designing,
  title={Designing a knowledge representation tool for subject matter structuring},
  author={Adorni, Giovanni and Koceva, Frosina},
  booktitle={International Workshop on Graph Structures for Knowledge Representation and Reasoning},
  pages={1--14},
  year={2015},
  organization={Springer}
}

@inproceedings{adorni2016educational,
  title={Educational concept maps for personalized learning path generation},
  author={Adorni, Giovanni and Koceva, Frosina},
  booktitle={Conference of the Italian Association for Artificial Intelligence},
  pages={135--148},
  year={2016},
  organization={Springer}
}

@inproceedings{belacel2014binary,
  title={A Binary Integer Programming Model for Global Optimization of Learning Path Discovery.},
  author={Belacel, Nabil and Durand, Guillaume and Laplante, Fran{\c{c}}ois},
  booktitle={EDM (Workshops)},
  year={2014}
}

@article{brusilovsky1996methods,
  title={Methods and techniques of adaptive hypermedia},
  author={Brusilovsky, Peter},
  journal={User modeling and user-adapted interaction},
  volume={6},
  number={2-3},
  pages={87--129},
  year={1996},
  publisher={Springer}
}

@incollection{bundy1984breadth,
  title={Breadth-First Parsing},
  author={Bundy, Alan and Wallen, Lincoln},
  booktitle={Catalogue of artificial intelligence tools},
  pages={12--13},
  year={1984},
  publisher={Springer}
}

@article{crawford2013community,
  title={Community colleges online},
  author={Crawford, Corinne and Persaud, Colin},
  journal={Journal of College Teaching \& Learning (TLC)},
  volume={10},
  number={1},
  pages={75--82},
  year={2013}
}

@inproceedings{dargham2012learning,
  title={E-Learning at school level: Challenges and benefits},
  author={Dargham, Joumana and Saeed, Dana and Mcheik, Hamid},
  booktitle={Proceeding of the 13th International Arab conference on Information Technology, ACIT},
  volume={13},
  pages={340--345},
  year={2012}
}

@article{de1990and,
  title={AND/OR graph representation of assembly plans},
  author={De Mello, LS Homem and Sanderson, Arthur C},
  journal={IEEE Transactions on robotics and automation},
  volume={6},
  number={2},
  pages={188--199},
  year={1990},
  publisher={IEEE}
}

@article{durand2013graph,
  title={Graph theory based model for learning path recommendation},
  author={Durand, Guillaume and Belacel, Nabil and LaPlante, Fran{\c{c}}ois},
  journal={Information Sciences},
  volume={251},
  pages={10--21},
  year={2013},
  publisher={Elsevier}
}

@inproceedings{durand2011learning,
  title={A learning design recommendation system based on markov decision processes},
  author={Durand, G and Laplante, F and Kop, R},
  booktitle={KDD-2011: 17th ACM SIGKDD conference on knowledge discovery and data mining},
  year={2011}
}

@inproceedings{farrell2004dynamic,
  title={Dynamic assembly of learning objects},
  author={Farrell, Robert G and Liburd, Soyini D and Thomas, John C},
  booktitle={Proceedings of the 13th international World Wide Web conference on Alternate track papers \& posters},
  pages={162--169},
  year={2004},
  organization={ACM}
}

@inproceedings{govindarajan2016dynamic,
  title={Dynamic learning path predictionâ€”A learning analytics solution},
  author={Govindarajan, Kannan and Kumar, Vivekanandan Suresh and others},
  booktitle={2016 IEEE Eighth International Conference on Technology for Education (T4E)},
  pages={188--193},
  year={2016},
  organization={IEEE}
}

@article{idris2009adaptive,
  title={Adaptive course sequencing for personalization of learning path using neural network},
  author={Idris, Norsham and Yusof, Norazah and Saad, Puteh and others},
  journal={Int. J. Advance. Soft Comput. Appl},
  volume={1},
  number={1},
  pages={49--61},
  year={2009}
}

@article{karampiperis2004adaptive,
  title={Adaptive learning object selection in intelligent learning systems},
  author={Karampiperis, Pythagoras and Sampson, Demetrios},
  journal={Journal of Interactive Learning Research},
  volume={15},
  number={4},
  pages={389--407},
  year={2004},
  publisher={Association for the Advancement of Computing in Education (AACE)}
}

@article{karampiperis2005adaptive,
  title={Adaptive learning resources sequencing in educational hypermedia systems},
  author={Karampiperis, Pythagoras and Sampson, Demetrios},
  journal={Journal of Educational Technology \& Society},
  volume={8},
  number={4},
  pages={128--147},
  year={2005},
  publisher={JSTOR}
}

@article{li2012self,
  title={A self-adjusting e-course generation process for personalized learning},
  author={Li, Jian-Wei and Chang, Yi-Chun and Chu, Chih-Ping and Tsai, Cheng-Chang},
  journal={Expert Systems with Applications},
  volume={39},
  number={3},
  pages={3223--3232},
  year={2012},
  publisher={Elsevier}
}

@inproceedings{li2016coursenavigator,
  title={CourseNavigator: interactive learning path exploration},
  author={Li, Zhan and Papaemmanouil, Olga and Koutrika, Georgia},
  booktitle={Proceedings of the Third International Workshop on Exploratory Search in Databases and the Web},
  pages={6--11},
  year={2016},
  organization={ACM}
}

@article{nabizadeh2015long,
  title={Long term goal oriented recommender systems},
  author={Nabizadeh, AmirHossein and Jorge, Al{\'\i}pio and Leal, Jos{\'e} Paulo},
  journal={Long term goal oriented recommendersystems.},
  booktitle={ In11th International Conference on Web Information Systems and Technologies (WEBIST)},
  pages={552--557},
  year={2015}
}

@incollection{bundy1986catalogue,
  title={Catalogue of artificial intelligence tools},
  author={Bundy, Alan},
  booktitle={Catalogue of Artificial Intelligence Tools},
  pages={7--161},
  year={1986},
  publisher={Springer}
}

@inproceedings{paiva2016enki,
  title={Enki: A pedagogical services aggregator for learning programming languages},
  author={Paiva, Jos{\'e} Carlos and Leal, Jos{\'e} Paulo and Queir{\'o}s, Ricardo Alexandre},
  booktitle={Proceedings of the 2016 ACM Conference on Innovation and Technology in Computer Science Education},
  pages={332--337},
  year={2016},
  organization={ACM}
}

@article{tarjan1972depth,
  title={Depth-first search and linear graph algorithms},
  author={Tarjan, Robert},
  journal={SIAM journal on computing},
  volume={1},
  number={2},
  pages={146--160},
  year={1972},
  publisher={SIAM}
}

@article{ullrich2010complex,
  title={Complex course generation adapted to pedagogical scenarios and its evaluation},
  author={Ullrich, Carsten and Melis, Erica},
  journal={Journal of Educational Technology \& Society},
  volume={13},
  number={2},
  pages={102--115},
  year={2010},
  publisher={JSTOR}
}

@article{vassileva1998dynamic,
  title={Dynamic courseware generation on the WWW},
  author={Vassileva, Julita and Deters, Ralph},
  journal={British Journal of Educational Technology},
  volume={29},
  number={1},
  pages={5--14},
  year={1998},
  publisher={Wiley Online Library}
}